<record><leader>00000cas a2200000 a 4500</leader><controlfield tag="001">11478248</controlfield><controlfield tag="008">841211d19821985fluer ne      0   a0eng c</controlfield><datafield ind1=" " ind2=" " tag="010"><subfield code="a">sn 84002107 </subfield></datafield><datafield ind1=" " ind2=" " tag="040"><subfield code="a">NSD</subfield><subfield code="b">eng</subfield><subfield code="c">NSD</subfield><subfield code="d">SLU</subfield><subfield code="d">FUG</subfield><subfield code="d">OCLCQ</subfield><subfield code="d">OCLCF</subfield><subfield code="d">OCLCO</subfield></datafield><datafield ind1=" " ind2=" " tag="012"><subfield code="j">0</subfield><subfield code="m">d</subfield></datafield><datafield ind1="1" ind2=" " tag="022"><subfield code="a">8750-5061</subfield><subfield code="l">8750-5061</subfield><subfield code="2">1</subfield></datafield><datafield ind1="1" ind2=" " tag="029"><subfield code="a">AU@</subfield><subfield code="b">000020343908</subfield></datafield><datafield ind1=" " ind2=" " tag="042"><subfield code="a">nsdp</subfield><subfield code="a">pcc</subfield></datafield><datafield ind1=" " ind2=" " tag="043"><subfield code="a">n-us-fl</subfield></datafield><datafield ind1="0" ind2=" " tag="130"><subfield code="a">Jewish Floridian (Palm Beach, Fla. : 1982)</subfield></datafield><datafield ind1=" " ind2="4" tag="222"><subfield code="a">The Jewish Floridian. Palm Beach County ed.</subfield></datafield><datafield ind1="0" ind2="4" tag="245"><subfield code="a">The Jewish Floridian :</subfield><subfield code="b">the voice of the Jewish community of Palm Beach County.</subfield></datafield><datafield ind1="1" ind2="7" tag="246"><subfield code="a">Jewish Floridian of Palm Beach County</subfield></datafield><datafield ind1=" " ind2=" " tag="260"><subfield code="a">Miami, Fla. :</subfield><subfield code="b">Fred K. Shochet</subfield></datafield><datafield ind1=" " ind2=" " tag="300"><subfield code="a">4 v. :</subfield><subfield code="b">ill.</subfield></datafield><datafield ind1=" " ind2=" " tag="310"><subfield code="a">Weekly (Oct. to mid-May); biweekly (balance of year)</subfield></datafield><datafield ind1="0" ind2=" " tag="362"><subfield code="a">Vol. 8, no. 41 (Dec. 24, 1982)-v. 11, no. 26 (Aug. 30, 1985).</subfield></datafield><datafield ind1=" " ind2=" " tag="500"><subfield code="a">"Combining Our voice and Federation reporter."</subfield></datafield><datafield ind1=" " ind2=" " tag="530"><subfield code="a">Also available on microfilm from the University of Florida.</subfield></datafield><datafield ind1=" " ind2="0" tag="650"><subfield code="a">Jewish newspapers</subfield><subfield code="z">Florida.</subfield></datafield><datafield ind1=" " ind2="0" tag="651"><subfield code="a">Palm Beach (Fla.)</subfield><subfield code="v">Newspapers.</subfield></datafield><datafield ind1=" " ind2="0" tag="651"><subfield code="a">Palm Beach County (Fla.)</subfield><subfield code="v">Newspapers.</subfield></datafield><datafield ind1=" " ind2="7" tag="655"><subfield code="a">Newspapers.</subfield><subfield code="2">fast</subfield><subfield code="0">(OCoLC)fst01423814</subfield></datafield><datafield ind1=" " ind2="7" tag="650"><subfield code="a">Jewish newspapers.</subfield><subfield code="2">fast</subfield><subfield code="0">(OCoLC)fst00982872</subfield></datafield><datafield ind1=" " ind2="7" tag="651"><subfield code="a">Florida.</subfield><subfield code="2">fast</subfield><subfield code="0">(OCoLC)fst01205150</subfield></datafield><datafield ind1=" " ind2="7" tag="651"><subfield code="a">Florida</subfield><subfield code="z">Palm Beach.</subfield><subfield code="2">fast</subfield><subfield code="0">(OCoLC)fst01215470</subfield></datafield><datafield ind1=" " ind2="7" tag="651"><subfield code="a">Florida</subfield><subfield code="z">Palm Beach County.</subfield><subfield code="2">fast</subfield><subfield code="0">(OCoLC)fst01205639</subfield></datafield><datafield ind1=" " ind2=" " tag="752"><subfield code="a">United States</subfield><subfield code="b">Florida</subfield><subfield code="c">Palm Beach</subfield><subfield code="d">Palm Beach.</subfield></datafield><datafield ind1="0" ind2=" " tag="775"><subfield code="t">Jewish Floridian</subfield><subfield code="x">0021-6445</subfield><subfield code="w">(DLC)sn 91066512</subfield><subfield code="w">(OCoLC)4073291</subfield></datafield><datafield ind1="1" ind2=" " tag="776"><subfield code="c">Microfilm</subfield><subfield code="d">George A. Smathers Libraries, University of Florida</subfield><subfield code="w">(DLC)sn 00229548</subfield><subfield code="w">(OCoLC)44606415</subfield></datafield><datafield ind1="0" ind2="0" tag="780"><subfield code="t">Jewish Floridian of Palm Beach County (Palm Beach County, Fla. : 1975)</subfield><subfield code="w">(DLC)sn 00229549</subfield><subfield code="w">(OCoLC)44598890</subfield></datafield><datafield ind1="0" ind2="0" tag="785"><subfield code="t">Jewish Floridian of Palm Beach County (Palm Beach, Fla. : 1985)</subfield><subfield code="w">(DLC)sn 00229552</subfield><subfield code="w">(OCoLC)44599490</subfield></datafield><datafield ind1=" " ind2=" " tag="850"><subfield code="a">FU</subfield></datafield><datafield ind1=" " ind2=" " tag="936"><subfield code="a">Vol. 16, no. 13 (June 29, 1990) LIC</subfield></datafield></record>